@inproceedings{mantyla2016mining,
  title={Mining valence, arousal, and dominance: possibilities for detecting burnout and productivity?},
  author={M{\"a}ntyl{\"a}, Mika and Adams, Bram and Destefanis, Giuseppe and Graziotin, Daniel and Ortu, Marco},
  booktitle={Proceedings of the 13th International Conference on Mining Software Repositories},
  pages={247--258},
  year={2016},
  organization={ACM}
}


@article{Ekman,
  title={An argument for basic emotions},
  author={Ekman, Paul},
  journal={Cognition \& emotion},
  volume={6},
  number={3-4},
  pages={169--200},
  year={1992},
  publisher={Taylor \& Francis}
}
@book{frijda1986emotions,
  title={The emotions},
  author={Frijda, Nico H},
  year={1986},
  publisher={Cambridge University Press}
}

@article{VADMapping,
  title={Evidence for a three-factor theory of emotions},
  author={Russell, James A and Mehrabian, Albert},
  journal={Journal of research in Personality},
  volume={11},
  number={3},
  pages={273--294},
  year={1977},
  publisher={Elsevier}
}

@article{wordsData,
  title={Norms of valence, arousal, and dominance for 13,915 English lemmas},
  author={Warriner, Amy Beth and Kuperman, Victor and Brysbaert, Marc},
  journal={Behavior research methods},
  volume={45},
  number={4},
  pages={1191--1207},
  year={2013},
  publisher={Springer}
}



@article{emotionPerspective,
    author =       "Sven Buechel and Udo Hahn",
    title =        "Readers vs. writers vs. texts: Coping with different perspectives of text understanding in emotion annotation",
    journal =      "LAW 2017 - Proceedings of the 11th Linguistic Annotation Workshop @ EACL 2017",
    pages =        "1-12",
    year =         "2017",
    DOI =          "https://sigann.github.io/LAW-XI-2017/papers/LAW01.pdf"
}


@MISC{moodtape,
   author =       {Subbarao, Mohith},
   title =        {Moodtape: Web Application Using Spotify API to Create Mood-Generated Playlists},
   editor =       {medium.com},
   month =        {July},
   year =         {2018},
   url = {https://medium.com/@mohithsubbarao},
   note =         {[Online; posted 21-July-2018]},
 }

@book{PAD,
  title={An approach to environmental psychology.},
  author={Mehrabian, Albert and Russell, James A},
  year={1974},
  publisher={the MIT Press}
}


@inproceedings{emoBank,
  title={EMOBANK: Studying the impact of annotation perspective and representation format on dimensional emotion analysis},
  author={Buechel, Sven and Hahn, Udo},
  booktitle={Proceedings of the 15th Conference of the European Chapter of the Association for Computational Linguistics: Volume 2, Short Papers},
  volume={2},
  pages={578--585},
  year={2017}
}

@inproceedings{frank2006naive,
  title={Naive bayes for text classification with unbalanced classes},
  author={Frank, Eibe and Bouckaert, Remco R},
  booktitle={European Conference on Principles of Data Mining and Knowledge Discovery},
  pages={503--510},
  year={2006},
  organization={Springer}
}

@article{more2016survey,
  title={Survey of resampling techniques for improving classification performance in unbalanced datasets},
  author={More, Ajinkya},
  journal={arXiv preprint arXiv:1608.06048},
  year={2016}
}


@article{VAD,
author =       "Margaret M. Bradley and Peter J. Lang",
    title =        "Measuring emotion:  The self-assessment manikin and the
semantic differential.",
    journal =      "Journal of Behavior Therapy and Experimental Psychiatry",
    volume =       "25",
    number =       "1",
    pages =        "49-59",
    year =         "1994"
}

@article{kolchyna2015twitter,
  title={Twitter sentiment analysis: Lexicon method, machine learning method and their combination},
  author={Kolchyna, Olga and Souza, Tharsis TP and Treleaven, Philip and Aste, Tomaso},
  journal={arXiv preprint arXiv:1507.00955},
  year={2015}
}
 @MISC{aws,
   author =       {Amazon},
   title =        {Amazon Comprehend Documentation},
   editor =       {aws.amazon.com},
   month =        {November},
   year =         {2018},
   url = {https://docs.aws.amazon.com/comprehend/},
   note =         {[Online; accessed 22-November-2018]},
 }
 
 @article{chawla2002smote,
  title={SMOTE: synthetic minority over-sampling technique},
  author={Chawla, Nitesh V and Bowyer, Kevin W and Hall, Lawrence O and Kegelmeyer, W Philip},
  journal={Journal of artificial intelligence research},
  volume={16},
  pages={321--357},
  year={2002}
}

 
 @inproceedings{joachims1998text,
  title={Text categorization with support vector machines: Learning with many relevant features},
  author={Joachims, Thorsten},
  booktitle={European conference on machine learning},
  pages={137--142},
  year={1998},
  organization={Springer}
}
@article{izard1993stability,
  title={Stability of emotion experiences and their relations to traits of personality.},
  author={Izard, Carroll E and Libero, Deborah Z and Putnam, Priscilla and Haynes, O Maurice},
  journal={Journal of personality and social psychology},
  volume={64},
  number={5},
  pages={847},
  year={1993},
  publisher={American Psychological Association}
}


@inproceedings{socher2013recursive,
  title={Recursive deep models for semantic compositionality over a sentiment treebank},
  author={Socher, Richard and Perelygin, Alex and Wu, Jean and Chuang, Jason and Manning, Christopher D and Ng, Andrew and Potts, Christopher},
  booktitle={Proceedings of the 2013 conference on empirical methods in natural language processing},
  pages={1631--1642},
  year={2013}
}


@misc{sentimentAPI,
  author = {Mandeep Sidana},
  title = {Sentiment Analysis APIs for understanding user sentiment trends},
  year = 2017,
  url = {https://towardsdatascience.com/another-twitter-sentiment-analysis-bb5b01ebad90}
}


@misc{towardsDS,
  author = {Ricky Kim},
  title = {Another Twitter sentiment analysis with Python},
  year = 2017,
  url = {https://medium.com/@Mandysidana/top-five-emotional-sentiment-analysis-apis-116cd8d42055}
}


@article{go2016sentiment140,
  title={Sentiment140},
  author={Go, Alec and Bhayani, Richa and Huang, Lei},
  journal={Site Functionality, 2013c. URL http://help. sentiment140. com/site-functionality. Abruf am},
  volume={20},
  year={2016}
}
