@book{al2015applied,
  title={Applied Computing in Medicine and Health},
  author={Al-Jumeily, Dhiya and Hussain, Abir and Mallucci, Conor and Oliver, Carol},
  year={2015},
  publisher={Morgan Kaufmann}
}

@article{wilcoxon1970critical,
  title={Critical values and probability levels for the Wilcoxon rank sum test and the Wilcoxon signed rank test},
  author={Wilcoxon, Frank and Katti, SK and Wilcox, Roberta A},
  journal={Selected tables in mathematical statistics},
  volume={1},
  pages={171--259},
  year={1970}
}

@article{pearson1900x,
  title={On the criterion that a given system of deviations from the probable in the case of a correlated system of variables is such that it can be reasonably supposed to have arisen from random sampling},
  author={Pearson, Karl},
  journal={The London, Edinburgh, and Dublin Philosophical Magazine and Journal of Science},
  volume={50},
  number={302},
  pages={157--175},
  year={1900},
  publisher={Taylor \& Francis}
}

@article{zeileis2007residual,
  title={Residual-based shadings for visualizing (conditional) independence},
  author={Zeileis, Achim and Meyer, David and Hornik, Kurt},
  journal={Journal of Computational and Graphical Statistics},
  volume={16},
  number={3},
  pages={507--525},
  year={2007},
  publisher={Taylor \& Francis}
}



@inproceedings{kohavi1995study,
  title={A study of cross-validation and bootstrap for accuracy estimation and model selection},
  author={Kohavi, Ron and others},
  booktitle={Ijcai},
  volume={14.2},
  pages={1137--1145},
  year={1995},
  organization={Montreal, Canada}
}


@misc{nodeSpotify,
  author = {thelinmichael},
  title = {spotify-web-api-node},
  year = 2019,
  url = {https://github.com/thelinmichael/spotify-web-api-node}
}

@book{NLTKBook,
  title={Natural language processing with Python: analyzing text with the natural language toolkit},
  author={Bird, Steven and Klein, Ewan and Loper, Edward},
  year={2009},
  publisher={" O'Reilly Media, Inc."}
}

@misc{sklearn,
  author = {sklearn},
  title = {scikit-learn},
  year = 2019,
  url = {https://scikit-learn.org}
}


